@book{dieck,
    title =     {Algebraic Topology},
    author =    {Tammmo tom Dieck},
    publisher = {EMS Textbooks in Mathematics},
    isbn =      {978-3-03719-548-2},
    year =      {2010}
}

@book{may,
    title = {A Concise Course in Algebraic Topology},
    author = {J. P. May},
    isbn = {9780226511832},
    year = {1999}
}

@article{tolland,
    title = {The Brown Representability Theorem},
    author = {A. J. Tolland},
    year = {2004}
}