@book{dieck,
    title =     {Algebraic Topology},
    author =    {Tammmo tom Dieck},
    publisher = {EMS Textbooks in Mathematics},
    isbn =      {978-3-03719-548-2},
    year =      {2010}
}